@InCollection{andersen2009finding,
  Title                    = {Finding dense subgraphs with size bounds},
  Author                   = {Andersen, Reid and Chellapilla, Kumar},
  Booktitle                = {Algorithms and Models for the Web-Graph},
  Publisher                = {Springer},
  Year                     = {2009},
  Pages                    = {25--37},

  Date-added               = {2015-03-16 09:46:59 +0000},
  Date-modified            = {2015-03-16 09:46:59 +0000}
}

@Article{asahiro2000greedily,
  Title                    = {Greedily finding a dense subgraph},
  Author                   = {Asahiro, Yuichi and Iwama, Kazuo and Tamaki, Hisao and Tokuyama, Takeshi},
  Journal                  = {Journal of Algorithms},
  Year                     = {2000},
  Number                   = {2},
  Pages                    = {203--221},
  Volume                   = {34},

  Date-added               = {2015-03-16 10:51:26 +0000},
  Date-modified            = {2015-03-16 10:51:26 +0000},
  Publisher                = {Elsevier}
}

@InProceedings{bach2004multiple,
  Title                    = {Multiple kernel learning, conic duality, and the SMO algorithm},
  Author                   = {Bach, F.R. and Lanckriet, G.R.G. and Jordan, M.I.},
  Booktitle                = {Proceedings of the twenty-first international conference on Machine learning},
  Year                     = {2004},
  Organization             = {ACM},
  Pages                    = {6},

  Owner                    = {vjethava},
  Timestamp                = {2015.03.17}
}

@Article{bahmani2012densest,
  Title                    = {Densest subgraph in streaming and mapreduce},
  Author                   = {Bahmani, Bahman and Kumar, Ravi and Vassilvitskii, Sergei},
  Journal                  = {Proceedings of the VLDB Endowment},
  Year                     = {2012},
  Number                   = {5},
  Pages                    = {454--465},
  Volume                   = {5},

  Date-added               = {2015-03-16 15:09:51 +0000},
  Date-modified            = {2015-03-16 15:09:51 +0000},
  Publisher                = {VLDB Endowment}
}

@InProceedings{bhaskara2010detecting,
  Title                    = {Detecting high log-densities: an O (n $1/4$) approximation for densest k-subgraph},
  Author                   = {Bhaskara, Aditya and Charikar, Moses and Chlamtac, Eden and Feige, Uriel and Vijayaraghavan, Aravindan},
  Booktitle                = {Proceedings of the forty-second ACM symposium on Theory of computing},
  Year                     = {2010},
  Organization             = {ACM},
  Pages                    = {201--210},

  Date-added               = {2015-03-16 13:22:14 +0000},
  Date-modified            = {2015-03-16 13:22:14 +0000}
}

@InProceedings{boden2012mining,
  Title                    = {Mining coherent subgraphs in multi-layer graphs with edge labels},
  Author                   = {Boden, Brigitte and G{\"u}nnemann, Stephan and Hoffmann, Holger and Seidl, Thomas},
  Booktitle                = {Proceedings of the 18th ACM SIGKDD international conference on Knowledge discovery and data mining},
  Year                     = {2012},
  Organization             = {ACM},
  Pages                    = {1258--1266},

  Date-added               = {2015-03-16 17:16:48 +0000},
  Date-modified            = {2015-03-16 17:16:48 +0000}
}

@InCollection{charikar2000greedy,
  Title                    = {Greedy approximation algorithms for finding dense components in a graph},
  Author                   = {Charikar, Moses},
  Booktitle                = {Approximation Algorithms for Combinatorial Optimization},
  Publisher                = {Springer},
  Year                     = {2000},
  Pages                    = {84--95},

  Date-added               = {2015-03-16 10:51:17 +0000},
  Date-modified            = {2015-03-16 10:51:17 +0000}
}

@Article{feige2001approximation,
  Title                    = {Approximation algorithms for maximization problems arising in graph partitioning},
  Author                   = {Feige, Uriel and Langberg, Michael},
  Journal                  = {Journal of Algorithms},
  Year                     = {2001},
  Number                   = {2},
  Pages                    = {174--211},
  Volume                   = {41},

  Date-added               = {2015-03-16 15:47:07 +0000},
  Date-modified            = {2015-03-16 15:47:07 +0000},
  Publisher                = {Elsevier}
}

@Article{feige2001dense,
  Title                    = {The dense k-subgraph problem},
  Author                   = {Feige, Uriel and Peleg, David and Kortsarz, Guy},
  Journal                  = {Algorithmica},
  Year                     = {2001},
  Number                   = {3},
  Pages                    = {410--421},
  Volume                   = {29},

  Date-added               = {2015-03-16 12:45:39 +0000},
  Date-modified            = {2015-03-16 12:45:39 +0000},
  Publisher                = {Springer}
}

@Article{gallo1989fast,
  Title                    = {A fast parametric maximum flow algorithm and applications},
  Author                   = {Gallo, Giorgio and Grigoriadis, Michael D and Tarjan, Robert E},
  Journal                  = {SIAM Journal on Computing},
  Year                     = {1989},
  Number                   = {1},
  Pages                    = {30--55},
  Volume                   = {18},

  Date-added               = {2015-03-16 10:42:28 +0000},
  Date-modified            = {2015-03-16 10:42:28 +0000},
  Publisher                = {SIAM}
}

@Article{GoldbergG84,
  Title                    = {Finding a maximum density subgraph},
  Author                   = {Goldberg, A.V.},
  Journal                  = {University of California at Berkeley, Berkeley, CA},
  Year                     = {1984},

  Date-modified            = {2015-03-16 09:39:38 +0000}
}

@Article{HuHYHH05,
  Title                    = {Mining coherent dense subgraphs across massive biological networks for functional discovery},
  Author                   = {Hu, Haiyan and Yan, Xifeng and Huang, Yu and Han, Jiawei and Zhou, Xianghong Jasmine},
  Journal                  = {Bioinformatics},
  Year                     = {2005},
  Number                   = {suppl 1},
  Pages                    = {i213--i221},
  Volume                   = {21},

  Date-added               = {2015-03-16 09:35:39 +0000},
  Date-modified            = {2015-03-16 09:39:37 +0000},
  Publisher                = {Oxford Univ Press}
}

@Article{jiang2009mining,
  Title                    = {Mining frequent cross-graph quasi-cliques},
  Author                   = {Jiang, D. and Pei, J.},
  Journal                  = {ACM Transactions on Knowledge Discovery from Data (TKDD)},
  Year                     = {2009},
  Number                   = {4},
  Pages                    = {16},
  Volume                   = {2},

  Owner                    = {vjethava},
  Publisher                = {ACM},
  Timestamp                = {2015.03.17}
}

@Book{johnson1996cliques,
  Title                    = {Cliques, coloring, and satisfiability: second DIMACS implementation challenge, October 11-13, 1993},
  Author                   = {Johnson, D.S. and Trick, M.A.},
  Publisher                = {Amer Mathematical Society},
  Year                     = {1996},
  Volume                   = {26},

  Owner                    = {vjethava},
  Timestamp                = {2015.03.17}
}

@Book{kannan1999analyzing,
  Title                    = {Analyzing the structure of large graphs},
  Author                   = {Kannan, Ravi and Vinay, V},
  Publisher                = {Rheinische Friedrich-Wilhelms-Universit{\"a}t Bonn},
  Year                     = {1999},

  Date-added               = {2015-03-16 15:13:27 +0000},
  Date-modified            = {2015-03-16 15:13:27 +0000}
}


@Article{khot2006ruling,
  Title                    = {Ruling out PTAS for graph min-bisection, dense k-subgraph, and bipartite clique},
  Author                   = {Khot, Subhash},
  Journal                  = {SIAM Journal on Computing},
  Year                     = {2006},
  Number                   = {4},
  Pages                    = {1025--1071},
  Volume                   = {36},

  Date-added               = {2015-03-16 15:20:19 +0000},
  Date-modified            = {2015-03-16 15:20:19 +0000},
  Publisher                = {SIAM}
}

@InCollection{khuller2009finding,
  Title                    = {On finding dense subgraphs},
  Author                   = {Khuller, Samir and Saha, Barna},
  Booktitle                = {Automata, Languages and Programming},
  Publisher                = {Springer},
  Year                     = {2009},
  Pages                    = {597--608},

  Date-added               = {2015-03-16 09:48:19 +0000},
  Date-modified            = {2015-03-16 09:48:19 +0000}
}

@inproceedings{Leskovec2005graphs,
  title={Graphs over time: densification laws, shrinking diameters and possible explanations},
  author={Leskovec, Jure and Kleinberg, Jon and Faloutsos, Christos},
  booktitle={Proceedings of the eleventh ACM SIGKDD international conference on Knowledge discovery in data mining},
  pages={177--187},
  year={2005},
  organization={ACM}
}

@misc{snapnets,
  author       = {Jure Leskovec and Andrej Krevl},
  title        = {{SNAP Datasets}: {Stanford} Large Network Dataset Collection},
  howpublished = {\url{http://snap.stanford.edu/data}},
  month        = jun,
  year         = 2014
}

@Article{li2011integrative,
  Title                    = {Integrative analysis of many weighted co-expression networks using tensor computation},
  Author                   = {Li, Wenyuan and Liu, Chun-Chi and Zhang, Tong and Li, Haifeng and Waterman, Michael S and Zhou, Xianghong Jasmine},
  Journal                  = {PLoS computational biology},
  Year                     = {2011},
  Number                   = {6},
  Pages                    = {e1001106},
  Volume                   = {7},

  Date-added               = {2015-03-16 10:36:07 +0000},
  Date-modified            = {2015-03-16 10:36:07 +0000},
  Publisher                = {Public Library of Science}
}

@InProceedings{papailiopoulos2014finding,
  Title                    = {Finding dense subgraphs via low-rank bilinear optimization},
  Author                   = {Papailiopoulos, Dimitris and Mitliagkas, Ioannis and Dimakis, Alexandros and Caramanis, Constantine},
  Booktitle                = {Proceedings of the 31st International Conference on Machine Learning (ICML-14)},
  Year                     = {2014},
  Pages                    = {1890--1898},

  Date-added               = {2015-03-16 15:48:02 +0000},
  Date-modified            = {2015-03-16 15:48:02 +0000}
}

@InProceedings{PeiPJZ05,
  Title                    = {Mining cross-graph quasi-cliques in gene expression and protein interaction data},
  Author                   = {Pei, J. and Jiang, D. and Zhang, A.},
  Booktitle                = {Data Engineering, 2005. ICDE 2005. Proceedings. 21st International Conference on},
  Year                     = {2005},
  Organization             = {IEEE},
  Pages                    = {353--356},

  Date-modified            = {2015-03-16 09:39:39 +0000}
}

@Article{rakotomamonjy2008simplemkl,
  Title                    = {SimpleMKL},
  Author                   = {Rakotomamonjy, A. and Bach, F. and Canu, S. and Grandvalet, Y.},
  Journal                  = {Journal of Machine Learning Research},
  Year                     = {2008},
  Pages                    = {2491--2521},
  Volume                   = {9},

  Owner                    = {vjethava},
  Timestamp                = {2015.03.17}
}

@Article{ravi1994heuristic,
  Title                    = {Heuristic and special case algorithms for dispersion problems},
  Author                   = {Ravi, Sekharipuram S and Rosenkrantz, Daniel J and Tayi, Giri K},
  Journal                  = {Operations Research},
  Year                     = {1994},
  Number                   = {2},
  Pages                    = {299--310},
  Volume                   = {42},

  Date-added               = {2015-03-16 15:06:23 +0000},
  Date-modified            = {2015-03-16 15:06:23 +0000},
  Publisher                = {INFORMS}
}

@Book{srivastav1998finding,
  Title                    = {Finding dense subgraphs with semidefinite programming},
  Author                   = {Srivastav, Anand and Wolf, Katja},
  Publisher                = {Springer},
  Year                     = {1998},

  Date-added               = {2015-03-16 15:46:48 +0000},
  Date-modified            = {2015-03-16 15:46:48 +0000}
}

@InProceedings{tsourakakis2013denser,
  Title                    = {Denser than the densest subgraph: Extracting optimal quasi-cliques with quality guarantees},
  Author                   = {Tsourakakis, Charalampos and Bonchi, Francesco and Gionis, Aristides and Gullo, Francesco and Tsiarli, Maria},
  Booktitle                = {Proceedings of the 19th ACM SIGKDD international conference on Knowledge discovery and data mining},
  Year                     = {2013},
  Organization             = {ACM},
  Pages                    = {104--112},

  Date-added               = {2015-03-16 21:55:06 +0000},
  Date-modified            = {2015-03-16 21:55:06 +0000}
}

@InProceedings{yan2005mining,
  Title                    = {Mining closed relational graphs with connectivity constraints},
  Author                   = {Yan, Xifeng and Zhou, X and Han, Jiawei},
  Booktitle                = {Proceedings of the eleventh ACM SIGKDD international conference on Knowledge discovery in data mining},
  Year                     = {2005},
  Organization             = {ACM},
  Pages                    = {324--333},

  Date-added               = {2015-03-16 17:22:31 +0000},
  Date-modified            = {2015-03-16 17:22:31 +0000}
}

@Article{yuan2013truncated,
  Title                    = {Truncated power method for sparse eigenvalue problems},
  Author                   = {Yuan, Xiao-Tong and Zhang, Tong},
  Journal                  = {The Journal of Machine Learning Research},
  Year                     = {2013},
  Number                   = {1},
  Pages                    = {899--925},
  Volume                   = {14},

  Date-added               = {2015-03-16 15:05:30 +0000},
  Date-modified            = {2015-03-16 15:05:30 +0000},
  Publisher                = {JMLR. org}
}

@InProceedings{zeng2006coherent,
  Title                    = {Coherent closed quasi-clique discovery from large dense graph databases},
  Author                   = {Zeng, Zhiping and Wang, Jianyong and Zhou, Lizhu and Karypis, George},
  Booktitle                = {Proceedings of the 12th ACM SIGKDD international conference on Knowledge discovery and data mining},
  Year                     = {2006},
  Organization             = {ACM},
  Pages                    = {797--802},

  Date-added               = {2015-03-16 17:22:42 +0000},
  Date-modified            = {2015-03-16 17:22:42 +0000}
}

@TechReport{Zhang2009,
  Title                    = {Multi-stage convex relaxation for non-convex optimization},
  Author                   = {Zhang, Tong},
  Institution              = {Technical report, Rutgers Tech Report},
  Year                     = {2009},
  Owner                    = {vjethava},
  Timestamp                = {2015.03.17}
}

@inproceedings{JethavaJMBD12,
	Author = {Vinay Jethava and Anders Martinsson and Chiranjib Bhattacharyya and Devdatt Dubhashi},
	Bibsource = {DBLP, http://dblp.uni-trier.de},
	Booktitle = {Neural Information Processing Systems (NIPS)},
	Ee = {http://books.nips.cc/papers/files/nips25/NIPS2012_0563.pdf},
	Pages = {1169--1177},
	Title = {"The Lovasz $\theta$ function, SVMs and finding large dense subgraphs"},
	Url = {http://books.nips.cc/papers/files/nips25/NIPS2012_0563.pdf},
	Year = {2012},
	Bdsk-Url-1 = {http://books.nips.cc/papers/files/nips25/NIPS2012_0563.pdf}}