%% LaTeX2e file `poster.bib'
%% generated by the `filecontents' environment
%% from source `PosterEcml15' on 2015/09/04.
%%
@InCollection{charikar2000greedy,
  Title                    = {Greedy approximation algorithms for finding dense components in a graph},
  Author                   = {Charikar, M.},
  Booktitle                = {APPROX},
  Year                     = {2000},
  Pages                    = {84--95},
}

@Misc{GoldbergG84,
  Title                    = {Finding a maximum density subgraph},
  Author                   = {Goldberg, A.~V.},
  howpublished                  = {Berkeley, CA},
  Year                     = {1984},
}

@Misc{jiang2009mining,
  Title                    = {Mining frequent cross-graph quasi-cliques},
  Author                   = {Jiang, D. and Pei, J.},
  howpublished                  = {KDD '09},
  Year                     = {2009},
}

@Article{li2011integrative,
  Title                    = {Integrative analysis of many weighted co-expression networks using tensor computation},
  Author                   = {Li, W. and Liu, Chun-Chi and Zhang, Tong and Li, Haifeng and Waterman, Michael S and Zhou, Xianghong Jasmine},
  Journal                  = {PLoS Comp Bio},
  Year                     = {2011},
  Number                   = {6},
  Pages                    = {e1001106},
  Volume                   = {7},
}

