@inproceedings{Pletscher2012,
  author    = {Pletscher, Patrick and Wulff, Sharon},
  title     = {{LPQP} for {MAP}: Putting {LP} Solvers to Better Use},
  booktitle	= {ICML},
  year      = {2012},
}
